<record><leader>00000cas a2200000 a 4500</leader><controlfield tag="001">12200501</controlfield><controlfield tag="008">850626d18781882ksuwr ne      0    0eng d</controlfield><datafield ind1=" " ind2=" " tag="010"><subfield code="a">sn 85031351 </subfield></datafield><datafield ind1=" " ind2=" " tag="040"><subfield code="a">KSH</subfield><subfield code="b">eng</subfield><subfield code="c">KSH</subfield><subfield code="d">NPT</subfield><subfield code="d">OCL</subfield><subfield code="d">OCLCQ</subfield></datafield><datafield ind1=" " ind2=" " tag="042"><subfield code="a">msc</subfield></datafield><datafield ind1="0" ind2="4" tag="245"><subfield code="a">The Cherryvale globe.</subfield></datafield><datafield ind1="1" ind2="3" tag="246"><subfield code="a">Globe</subfield><subfield code="f">Feb. 10-Apr. 14, 1882</subfield></datafield><datafield ind1=" " ind2=" " tag="260"><subfield code="a">Cherryvale, Kan. :</subfield><subfield code="b">Piatt &amp; Buffington,</subfield><subfield code="c">-1882.</subfield></datafield><datafield ind1=" " ind2=" " tag="300"><subfield code="a">v. ;</subfield><subfield code="c">50-58 cm.</subfield></datafield><datafield ind1=" " ind2=" " tag="310"><subfield code="a">Weekly</subfield></datafield><datafield ind1="0" ind2=" " tag="362"><subfield code="a">-v. 4, no. 39 (Apr. 14, 1882).</subfield></datafield><datafield ind1="1" ind2=" " tag="362"><subfield code="a">Began in 1878.</subfield></datafield><datafield ind1=" " ind2=" " tag="500"><subfield code="a">Publisher varies.</subfield></datafield><datafield ind1=" " ind2=" " tag="588"><subfield code="a">Description based on: Vol. 1, no. 52 (July 26, 1879).</subfield></datafield><datafield ind1=" " ind2=" " tag="752"><subfield code="a">United States</subfield><subfield code="b">Kansas</subfield><subfield code="c">Montgomery</subfield><subfield code="d">Cherryvale.</subfield></datafield><datafield ind1="0" ind2="7" tag="785"><subfield code="t">Cherryvale news (Cherryvale, Kan. : 1881)</subfield><subfield code="w">(DLC)sn 85031352</subfield></datafield><datafield ind1="0" ind2="7" tag="785"><subfield code="t">Cherryvale globe-news</subfield><subfield code="w">(DLC)sn 85031353</subfield></datafield></record>